<record><leader>00000cas a22000007a 4500</leader><controlfield tag="001">9481482</controlfield><controlfield tag="008">830505d18121813mauwr ne      0    0eng d</controlfield><datafield ind1=" " ind2=" " tag="010"><subfield code="a">sn 83020670 </subfield></datafield><datafield ind1=" " ind2=" " tag="040"><subfield code="a">NPX</subfield><subfield code="b">eng</subfield><subfield code="c">NPX</subfield><subfield code="d">NPU</subfield><subfield code="d">DLC</subfield><subfield code="d">KRTAS</subfield><subfield code="d">OCLCQ</subfield></datafield><datafield ind1=" " ind2=" " tag="042"><subfield code="a">msc</subfield></datafield><datafield ind1=" " ind2=" " tag="043"><subfield code="a">n-us-ma</subfield></datafield><datafield ind1="0" ind2=" " tag="130"><subfield code="a">Bristol gazette (Fairhaven, Mass.)</subfield></datafield><datafield ind1="1" ind2="0" tag="245"><subfield code="a">Bristol gazette.</subfield></datafield><datafield ind1=" " ind2=" " tag="260"><subfield code="a">Fairhaven, Mass. :</subfield><subfield code="b">Joseph Gleason, Jr.</subfield></datafield><datafield ind1=" " ind2=" " tag="300"><subfield code="a">v. ;</subfield><subfield code="c">50 cm.</subfield></datafield><datafield ind1=" " ind2=" " tag="310"><subfield code="a">Weekly</subfield></datafield><datafield ind1="1" ind2=" " tag="362"><subfield code="a">Began with July 31, 1812 issue; ceased with July 10, 1813 issue.</subfield><subfield code="z">Cf. Brigham, C.S. Amer. newspapers.</subfield></datafield><datafield ind1=" " ind2=" " tag="500"><subfield code="a">Published on Friday.</subfield></datafield><datafield ind1=" " ind2=" " tag="500"><subfield code="a">"Pledged to religion, liberty and law."</subfield></datafield><datafield ind1=" " ind2=" " tag="500"><subfield code="a">Publisher: Paul Taber, Feb. 13-July 10, 1813.</subfield></datafield><datafield ind1=" " ind2=" " tag="500"><subfield code="a">References: Brigham, C.S. Amer. newspapers, p. 359.</subfield></datafield><datafield ind1=" " ind2=" " tag="515"><subfield code="a">Continues numbering of New-Bedford gazette (1811).</subfield></datafield><datafield ind1=" " ind2=" " tag="588"><subfield code="a">Description based on: Vol. 1, no. 43 (Aug. 7, 1812).</subfield></datafield><datafield ind1="1" ind2=" " tag="700"><subfield code="a">Gleason, Joseph.</subfield></datafield><datafield ind1="1" ind2=" " tag="700"><subfield code="a">Taber, Paul.</subfield></datafield><datafield ind1=" " ind2=" " tag="752"><subfield code="a">United States</subfield><subfield code="b">Massachusetts</subfield><subfield code="c">Bristol</subfield><subfield code="d">Fairhaven.</subfield></datafield><datafield ind1="0" ind2="0" tag="780"><subfield code="t">New-Bedford gazette (New-Bedford, Mass. : 1811)</subfield><subfield code="w">(DLC)sn 83020645</subfield></datafield><datafield ind1=" " ind2=" " tag="938"><subfield code="a">Kirtas Technologies, Inc.</subfield><subfield code="b">KRTS</subfield><subfield code="n">736620</subfield></datafield></record>